 @misc{sagar_2020,
  title={On-policy vs off-policy reinforcement learning},
  url={https://analyticsindiamag.com/reinforcement-learning-policy/},
  journal={Analytics India Magazine},
  author={Sagar, Ram},
  year={2020},
  month={Oct}
} 

 @book{Plaat_2022,
	doi = {10.1007/978-981-19-0638-1},
  
	url = {https://doi.org/10.1007%2F978-981-19-0638-1},
  
	year = 2022,
	publisher = {Springer Nature Singapore},
  
	author = {Aske Plaat},
  
	title = {Deep Reinforcement Learning}
}